<?xml version='1.0' encoding='utf-8'?>
<record xmlns="http://www.loc.gov/MARC21/slim" xmlns:xsi="http://www.w3.org/2001/XMLSchema-instance">
  <leader>^^^^^npcaa2200277za^4500</leader>
  <controlfield tag="001">004012025</controlfield>
  <controlfield tag="005">19990204000000.0</controlfield>
  <controlfield tag="008">990202i19531993miu^^^^^^^^^^^^^^^^^eng^d</controlfield>
  <datafield tag="035" ind1=" " ind2=" ">
    <subfield code="a">(OCoLC)ocm80286297</subfield>
  </datafield>
  <datafield tag="040" ind1=" " ind2=" ">
    <subfield code="a">MiU-H</subfield>
    <subfield code="c">MiU-H</subfield>
    <subfield code="e">appm</subfield>
  </datafield>
  <datafield tag="110" ind1="2" ind2=" ">
    <subfield code="a">University of Michigan.</subfield>
    <subfield code="b">Retirees Association.</subfield>
  </datafield>
  <datafield tag="245" ind1="0" ind2="0">
    <subfield code="a">University of Michigan Retirees Association records,</subfield>
    <subfield code="f">1953-1993.</subfield>
  </datafield>
  <datafield tag="300" ind1=" " ind2=" ">
    <subfield code="a">1 linear ft.</subfield>
  </datafield>
  <datafield tag="545" ind1=" " ind2=" ">
    <subfield code="a">Founded in March 1953, the University Retirees Association (formerly the Annuitants Association) was established to promote the individual and collective interests of annuitants and to afford the advantages of organized programs of studies and activities,</subfield>
    <subfield code="b">including informing annuitants of their rights and privileges; investigating need readjustments of annuity payments; advising prospective annuitants regarding ways of meeting the requirements for social security benefits;</subfield>
  </datafield>
  <datafield tag="545" ind1=" " ind2=" ">
    <subfield code="b">investigating opportunities for part-time employment for retired staff members; planning advisory services to annuitants and their survivors; planning conferences, social affairs, and studies as the membership may desire. The records document the association's history of action in advocating the support of retirees mainly from the University of Michigan.</subfield>
  </datafield>
  <datafield tag="545" ind1=" " ind2=" ">
    <subfield code="b">At its outset the group focused on income-related issues, based on the realization that many retired persons needed improved financial support. Later the group turned to areas of general support by the University of privileges of its retirees, such as continued health coverage, use of University library facilities and office space, and use of athletic facilities.</subfield>
  </datafield>
  <datafield tag="520" ind1=" " ind2=" ">
    <subfield code="a">Record volumes include executive committee agenda and minutes, general meeting agenda and minutes, and correspondence. Also included are files of Big 11 Retirees Association that consist of comparisons of cost of living vs. income for retirees, compilations of public resources for retirees, and minutes of the Big 11 Conference.</subfield>
  </datafield>
  <datafield tag="500" ind1=" " ind2=" ">
    <subfield code="a">Donor: 8709</subfield>
  </datafield>
  <datafield tag="610" ind1="2" ind2="0">
    <subfield code="a">University of Michigan.</subfield>
    <subfield code="b">Retirees Association.</subfield>
  </datafield>
  <datafield tag="650" ind1=" " ind2="0">
    <subfield code="a">Retirees</subfield>
    <subfield code="z">Michigan</subfield>
    <subfield code="z">Ann Arbor.</subfield>
  </datafield>
  <datafield tag="650" ind1=" " ind2="0">
    <subfield code="a">Retirement</subfield>
    <subfield code="x">Planning.</subfield>
  </datafield>
  <datafield tag="610" ind1="2" ind2="0">
    <subfield code="a">University of Michigan</subfield>
    <subfield code="x">Faculty.</subfield>
  </datafield>
  <datafield tag="852" ind1="8" ind2=" ">
    <subfield code="a">MiU-H</subfield>
    <subfield code="b">BENT</subfield>
    <subfield code="h">996 Bimu 2</subfield>
  </datafield>
  <datafield tag="998" ind1=" " ind2=" ">
    <subfield code="c">TEP</subfield>
  </datafield>
  <datafield tag="955" ind1=" " ind2=" ">
    <subfield code="b">BENT</subfield>
    <subfield code="p">B1704885</subfield>
  </datafield>
</record>
